@inproceedings{das2018shield,
  title={Shield: Fast, practical defense and vaccination for deep learning using jpeg compression},
  author={Das, Nilaksh and Shanbhogue, Madhuri and Chen, Shang-Tse and Hohman, Fred and Li, Siwei and Chen, Li and Kounavis, Michael E and Chau, Duen Horng},
  booktitle={Proceedings of the 24th ACM SIGKDD International Conference on Knowledge Discovery \& Data Mining},
  pages={196--204},
  year={2018}
}

@article{carlini2017magnet,
  title={Magnet and" efficient defenses against adversarial attacks" are not robust to adversarial examples},
  author={Carlini, Nicholas and Wagner, David},
  journal={arXiv preprint arXiv:1711.08478},
  year={2017}
}

@article{goodfellow2014explaining,
  title={Explaining and harnessing adversarial examples},
  author={Goodfellow, Ian J and Shlens, Jonathon and Szegedy, Christian},
  journal={arXiv preprint arXiv:1412.6572},
  year={2014}
}

@article{madry2017towards,
  title={Towards deep learning models resistant to adversarial attacks},
  author={Madry, Aleksander and Makelov, Aleksandar and Schmidt, Ludwig and Tsipras, Dimitris and Vladu, Adrian},
  journal={arXiv preprint arXiv:1706.06083},
  year={2017}
}

@inproceedings{moosavi2016deepfool,
  title={Deepfool: a simple and accurate method to fool deep neural networks},
  author={Moosavi-Dezfooli, Seyed-Mohsen and Fawzi, Alhussein and Frossard, Pascal},
  booktitle={Proceedings of the IEEE conference on computer vision and pattern recognition},
  pages={2574--2582},
  year={2016}
}

@inproceedings{liu2019feature,
  title={Feature distillation: Dnn-oriented jpeg compression against adversarial examples},
  author={Liu, Zihao and Liu, Qi and Liu, Tao and Xu, Nuo and Lin, Xue and Wang, Yanzhi and Wen, Wujie},
  booktitle={2019 IEEE/CVF Conference on Computer Vision and Pattern Recognition (CVPR)},
  pages={860--868},
  year={2019},
  organization={IEEE}
}